@article{
    trilateration,
    Author="Waltenegus Dargie and Christian Poellabauer",
    Title={Fundamentals of Wireless Sensor Networks: Theory and Practice},
    Year={2010}
}
@article{
    positioning,
    Author="Willy Hereman and William S. Murphy, Jr.",
    Title={Determination of a Position in Three Dimensions Using Trilateration and Approximate Distances},
    Journal={Decision Sciences},
    Year={1995}
}
@article{
    sunset,
    Author="Chiara Petrioli and Roberto Petroccia and John Potter and Daniele Spaccini", 
    Title={The SUNSET Framework for Simulation, Emulation and at-sea Testing of Underwater Wireless Sensor Networks},
    Journal={Ad Hoc Networks},
    Year={2014}
    
}
@article{
    underwater,
    Author="Ian F. Akyildiz and Dario Pompili and Tomamso Melodia",
    Title={Underwater acoustic sensor networks: research challenges},
    Journal={Ad Hoc Networks},
    Year={2005}
}
@article{
    stojanovic,
    Author={Milica Stojanovic},
    Journal={ACM SIGMOBILE Mobile Computing and Communications Review (MC2R)},
    Volume={vol.11},
    Title={On the Relationship Between Capacity and Distance in an Underwater Acoustic Communication Channel},
    Year={2007}
}
@article{
    marta,
    Author="Benedetto Allotta and Steven Baines and Fabio Bartolini and Fabio Bellavia and Carlo Colombo and Roberto Conti and Riccardo Costanzi and Can Dede and Marco Fanfani and Jonathan Gelli and Hilal Tolasa Gündogdu and Niccolò Monni and Davide Moroni and Marco Natalini and Maria Antonietta Pascali and Fabio Pazzaglia and Luca Pugi and Alessandro Ridolfi and Marco Reggiannini and Daniel Roig and Ovidio Salvetti and Enis I. Tekdemir",
    Title={Design of a modular Autonomous Underwater Vehicle for archaeological investigations},
    Year={2015},
    Journal={Proceedings of OCEANS’15 MTS/IEEE GENOVA}
}
@article{
    marta_sunset,
    Author="Benedetto Allotta and Francesco Fanelli and Niccolò Monni and Chiara Petrioli and Luigi Picari and Alessandro Ridolfi and Daniele Spaccini",
    Title={Enabling Cooperation and Networking in
    Heterogeneous Underwater Networks composed of
    Multi-Vendor Vehicles and Modems},
    Year={2017},
    Journal={Proceedings of MTS/IEEE OCEANS 2017}
}
@article{
    wadhams,
    Author="P.Wadhams and J.P.Wilkinson and S.D.McPhail",
    Title="A new view of the underside of Arctic sea ice",
    Year={2006},
    Journal={Geophysical Research Letters}
}
@book{
    urick,
    Title="Principles of Underwater Sound",
    Author={Rober J. Urick},
    Isbn="978-0932146625"
}
@online{
    underwaterpositioning,
    Title="Underwater acoustic positioning system",
    Url="https://en.wikipedia.org/wiki/Underwater_acoustic_positioning_system"
}
@online{
    lblsonardyne,
    Title="Fusion 6G Long BaseLine Positioning (LBL) System",
    Url="https://www.sonardyne.com/product/fusion-6g-long-baseline-positioning-lbl/"
}